@article{ComfortOffice,
	title = "A study on the effects of thermal, luminous, and acoustic environments on indoorenvironmental comfort in offices",
	year = "2012",
	author="{Li Huang, Yingxin Zhu, Qin Ouyang, Bin Cao}",
	journal="Building and environment",
	volume=49,
	pages="304-309"
}

@article{ComfortBox,  
	author={L. {Ciabattoni} and F. {Ferracuti} and G. {Ippoliti} and S. {Longhi} and G. {Turri}},  	
	journal={2016 IEEE International Conference on Consumer Electronics (ICCE)},   
	title={IoT based indoor personal comfort levels monitoring},   
	year={2016},  
	volume={},  
	number={},  
	pages={125-126}
}

@manual{NR17,
	author = {NR17},
	title="{Ergonomia}",
	organization = "Ministério do Trabalho",
	year = "2018",
	url = "https://enit.trabalho.gov.br/portal/images/Arquivos_SST/SST_NR/NR-17.pdf"
}

@manual{NBR10152,
    author={NBR10152},
	title = "Níveis de ruído para conforto acústico",
	year = "1987",
	organization = "Associação brasileira de normas técnicas",
	url = "http://www.joaopessoa.pb.gov.br/portal/wp-content/uploads/2015/02/NBR_10152-1987-Conforto-Ac_stico.pdf"
}

@manual{NBR5413,
	author = {NBR5413},
	title="Iluminância de Interiores",
	year = "1992",
	organization = "Associação brasileira de normas técnicas",
	url = "http://ftp.demec.ufpr.br/disciplinas/TM802/NBR5413.pdf" 
}

@article{iotHomes,  
	author={S. D. T. {Kelly} and N. K. {Suryadevara} and S. C. {Mukhopadhyay}},  
	journal={IEEE Sensors Journal},   
	title={Towards the Implementation of IoT for Environmental Condition Monitoring in Homes},   
	year={2013},  
	volume={13},  
	number={10},  
	pages={3846-3853}
}

@article{WSN,
	author = "{M.A. Matin and M.M. Islam}",
	year=2012,
	title = "Overview of Wireless Sensor Network, Wireless Sensor Networks - Technology and Protocols",
	journal = "IntechOpen", 
	DOI = "10.5772/49376" ,
	url = "https://www.intechopen.com/books/wireless-sensor-networks-technology-and-protocols/overview-of-wireless-sensor-network "
}

@article{VisualComfort,  
	author={Q. {Gao} and K. {Zhang} and D. {Li}},  
	booktitle={2018 IEEE International Conference on Mechatronics and Automation (ICMA)},   	
	title={Research on Visual Comfort Based on Fuzzy Neural Network},   
	year={2018},  
	volume={},  
	number={},  
	pages={884-888}
}

@article{BlueLight, 
	author="{J. O`SHagan, M. Khazova and L. Price}",
	title="Low-energy light bulbs, computers, tablets and the blue light hazard.",
	journal="Eye", 
	volume=30, 
	pages={230–233},
	year=2016,
	DOI= "https://doi.org/10.1038/eye.2015.261"
}

@article{GreenBuildings, 
	author={A. {Kumar} and G. P. {Hancke}},  
	journal={IEEE Sensors Journal},   
	title={An Energy-Efficient Smart Comfort Sensing System Based on the IEEE 1451 Standard for Green Buildings},   
	year={2014},  
	volume={14},  
	number={12},  
	pages={4245-4252}
}

@article{EnergyBuildings, 
	title="Energy intelligent buildings based on user activity: A survey",
	author="{Tuan Anh Nguyen and Marco Aiello}",
	journal="Energy and Buildings",
	volume="56",
	year=2013,
	pages={244-257}
}

@online{CICS,
    institution="Centro de Inovação em Construção Sustentável da USP",
    title="{CICS} website (http://cics.prp.usp.br/)",
    url="http://cics.prp.usp.br/",
    addendum="(acessado em: 05.06.2020)"
}

@article{AirQuality, 
    title="Indoor air quality and health",
    author="{A.P. Jones}",
    year="1999",
    journal="Atmospheric Environment",
    volume=33,
    issue=28,
    pages={4525-4564}
}

@online{Winsconsin, 
    title="Carbon Dioxide",
    institution="Winsconsin Department of Health Services",
    url="https://www.dhs.wisconsin.gov/chemical/carbondioxide.htm",
    addendum="(acessado em: 07.06.2020)"
}

@online{co2Earth,
    title="Daily CO2",
    author="Co2 Earth",
    url="https://www.co2.earth/daily-co2",
    addendum="(acessado em: 07.06.2020)"
}

@online{tecam,
    title="What are acceptable VOC levels in the air",
    author="Tecam Group",
    url="https://www.tecamgroup.com/acceptable-voc-levels/",
    addendum="(acessado em: 07.06.2020)"
}
@online{CoMoS,
    title="{CoMoS} Comfort Monitoring Station",
    author="Living Lab smart office space",
    url="http://www.livinglab-smartofficespace.com/en/research/heat-and-thermal-comfort/detail/comos-comfort-monitoring-station/",
    addendum="(acessado em: 06.06.2020)"
}
    
@online{HCTech,
    url="https://www.hc-technologies.com/retail-iot-solutions/store-ambient-comfort-monitoring",
    author="{HC Technologies}",
    title="RETAIL SPACE COMFORT MONITORING",
    addendum="(acessado em: 06.06.2020)"
}

@online{ECOMLITE,
    url="https://www.entech.co.th/product/ecomlite/",
    title="{ECOMLITE} monitoring indoor comfort",
    author={ENTECH},
    addendum="(acessado em: 06.06.2020)"
}

@online{Senlab,
    title="{Senlab O}: Indoor Comfort and occupancy monitoring",
    author="Sensin Labs",
    url="https://sensing-labs.com/portfolio-item/21334/",
    addendum="(acessado em: 06.06.2020)"
}

@online{netatmo,
    title="Smart Indoor Air Quality Monitor",
    author="netatmo",
    url="https://www.netatmo.com/el-gr/aircare/homecoach",
    addendum="(acessado em: 06.06.2020)"
}

@online{comfortclick,
    title="Office: Smart Buildings",
    author="Comfort Click",
    url="https://www.comfortclick.com/SmartBuilding/Solutions/Office",
    addendum="(acessado em: 06.06.2020)"
}


@online{multicomfort,
    title="MULTI COMFORT",
    author="Saint Gobain",
    url="https://multicomfort.saint-gobain.com/",
    addendum="(acessado em: 06.06.2020)"
}

@online{mc350,
    title="MultiComfort 350",
    author="Saint Gobain",
    url="https://www.saint-gobain.com.br/mc350",
    addendum="(acessado em: 06.06.2020)"
}

@online{metriful,
    title="Metriful Sense",
    author="Metriful",
    url="https://www.metriful.com/",
    addendum="(acessado em: 06.06.2020)"
}